@article{related1,
  title={Exploiting memory access patterns to improve memory performance in data-parallel architectures},
  author={Jang, Byunghyun and Schaa, Dana and Mistry, Perhaad and Kaeli, David},
  journal={Parallel and Distributed Systems, IEEE Transactions on},
  volume={22},
  number={1},
  pages={105--118},
  year={2011},
  publisher={IEEE}
}
@inproceedings{related2,
  title={An integer programming framework for optimizing shared memory use on GPUs},
  author={Ma, Wenjing and Agrawal, Gagan},
  booktitle={High Performance Computing (HiPC), 2010 International Conference on},
  pages={1--10},
  year={2010},
  organization={IEEE}
}
@inproceedings{related3,
  title={Exploring hybrid memory for GPU energy efficiency through software-hardware co-design},
  author={Wang, Bin and Wu, Bo and Li, Dong and Shen, Xipeng and Yu, Weikuan and Jiao, Yizheng and Vetter, Jeffrey S},
  booktitle={Proceedings of the 22nd international conference on Parallel architectures and compilation techniques},
  pages={93--102},
  year={2013},
  organization={IEEE Press}
}
@inproceedings{porple,
  title={PORPLE: An Extensible Optimizer for Portable Data Placement on GPU},
  author={Chen, Guoyang and Wu, Bo and Li, Dong and Shen, Xipeng},
  booktitle={Microarchitecture (MICRO), 2014 47th Annual IEEE/ACM International Symposium on},
  pages={88--100},
  year={2014},
  organization={IEEE}
}
@book{intro2,
  title={Handbook of knowledge representation},
  author={Van Harmelen, Frank and Lifschitz, Vladimir and Porter, Bruce},
  volume={1},
  year={2008},
  publisher={Elsevier}
}
@article{ontology1,
  title={Toward principles for the design of ontologies used for knowledge sharing?},
  author={Gruber, Thomas R},
  journal={International journal of human-computer studies},
  volume={43},
  number={5},
  pages={907--928},
  year={1995},
  publisher={Elsevier}
}
@article{ontology2,
  title={Formal ontology, conceptual analysis and knowledge representation},
  author={Guarino, Nicola},
  journal={International journal of human-computer studies},
  volume={43},
  number={5},
  pages={625--640},
  year={1995},
  publisher={Elsevier}
}
@incollection{ontology3,
  title={DOGMA-MESS: A meaning evolution support system for interorganizational ontology engineering},
  author={De Moor, Aldo and De Leenheer, Pieter and Meersman, Robert},
  booktitle={Conceptual structures: Inspiration and application},
  pages={189--202},
  year={2006},
  publisher={Springer}
}
@incollection{ontology4,
  title={Towards community-based evolution of knowledge-intensive systems},
  author={De Leenheer, Pieter and Meersman, Robert},
  booktitle={On the Move to Meaningful Internet Systems 2007: CoopIS, DOA, ODBASE, GADA, and IS},
  pages={989--1006},
  year={2007},
  publisher={Springer}
}
@inproceedings{ontology5,
  title={PROFILE COMPILER: Ontology-based, community-grounded, multilingual online services to support collaborative decision making},
  author={Tang, Yan and Christiaens, Stijn and Kerremans, Koen and Meersman, Robert},
  booktitle={Research Challenges in Information Science, 2008. RCIS 2008. Second International Conference on},
  pages={279--288},
  year={2008},
  organization={IEEE}
}
@incollection{ontology6,
  title={How can ontologies contribute to software development?},
  author={Kleshchev, Alexander S},
  booktitle={Knowledge Processing and Data Analysis},
  pages={121--135},
  year={2011},
  publisher={Springer}
}




@article{owl1,
  title={OWL web ontology language overview},
  author={McGuinness, Deborah L and Van Harmelen, Frank and others},
  journal={W3C recommendation},
  volume={10},
  number={10},
  pages={2004},
  year={2004}
}
@article{owl2,
  title={OWL 2 web ontology language: Structural specification and functional-style syntax},
  author={Motik, Boris and Patel-Schneider, Peter F and Parsia, Bijan and Bock, Conrad and Fokoue, Achille and Haase, Peter and Hoekstra, Rinke and Horrocks, Ian and Ruttenberg, Alan and Sattler, Uli and others},
  journal={W3C recommendation},
  volume={27},
  number={65},
  pages={159},
  year={2009}
}
