@article{ontology1,
  title={Toward principles for the design of ontologies used for knowledge sharing?},
  author={Gruber, Thomas R},
  journal={International journal of human-computer studies},
  volume={43},
  number={5},
  pages={907--928},
  year={1995},
  publisher={Elsevier}
}
@article{ontology2,
  title={Formal ontology, conceptual analysis and knowledge representation},
  author={Guarino, Nicola},
  journal={International journal of human-computer studies},
  volume={43},
  number={5},
  pages={625--640},
  year={1995},
  publisher={Elsevier}
}
@incollection{ontology3,
  title={DOGMA-MESS: A meaning evolution support system for interorganizational ontology engineering},
  author={De Moor, Aldo and De Leenheer, Pieter and Meersman, Robert},
  booktitle={Conceptual structures: Inspiration and application},
  pages={189--202},
  year={2006},
  publisher={Springer}
}
@incollection{ontology4,
  title={Towards community-based evolution of knowledge-intensive systems},
  author={De Leenheer, Pieter and Meersman, Robert},
  booktitle={On the Move to Meaningful Internet Systems 2007: CoopIS, DOA, ODBASE, GADA, and IS},
  pages={989--1006},
  year={2007},
  publisher={Springer}
}

